@article{de2015much,
  title={How much do we know about the endangered Atlantic Forest? Reviewing nearly 70 years of information on tree community surveys},
  author={de Lima, Renato AF and Mori, Danilo P and Pitta, Gregory and Melito, Melina O and Bello, Carolina and Magnago, Luiz F and Zwiener, Victor P and Saraiva, Daniel D and Marques, M{\'a}rcia CM and de Oliveira, Alexandre A and others},
  journal={Biodiversity and Conservation},
  volume={24},
  pages={2135--2148},
  year={2015},
  publisher={Springer}
}
@article{mapbiomas,
  title={Reconstructing three decades of land use and land cover changes in brazilian biomes with landsat archive and earth engine},
  author={Souza Jr, Carlos M and Z. Shimbo, Julia and Rosa, Marcos R and Parente, Leandro L and A. Alencar, Ane and Rudorff, Bernardo FT and Hasenack, Heinrich and Matsumoto, Marcelo and G. Ferreira, Laerte and Souza-Filho, Pedro WM and others},
  journal={Remote Sensing},
  volume={12},
  number={17},
  pages={2735},
  year={2020},
  publisher={MDPI}
}

