@article{de2015much,
  title={How much do we know about the endangered Atlantic Forest? Reviewing nearly 70 years of information on tree community surveys},
  author={de Lima, Renato AF and Mori, Danilo P and Pitta, Gregory and Melito, Melina O and Bello, Carolina and Magnago, Luiz F and Zwiener, Victor P and Saraiva, Daniel D and Marques, M{\'a}rcia CM and de Oliveira, Alexandre A and others},
  journal={Biodiversity and Conservation},
  volume={24},
  pages={2135--2148},
  year={2015},
  publisher={Springer}
}
@article{mapbiomas,
  title={Reconstructing three decades of land use and land cover changes in brazilian biomes with landsat archive and earth engine},
  author={Souza Jr, Carlos M and Z. Shimbo, Julia and Rosa, Marcos R and Parente, Leandro L and A. Alencar, Ane and Rudorff, Bernardo FT and Hasenack, Heinrich and Matsumoto, Marcelo and G. Ferreira, Laerte and Souza-Filho, Pedro WM and others},
  journal={Remote Sensing},
  volume={12},
  number={17},
  pages={2735},
  year={2020},
  publisher={MDPI}
}
@article{fahrig2019habitat,
  title={Habitat fragmentation: A long and tangled tale},
  author={Fahrig, Lenore},
  journal={Global ecology and biogeography},
  volume={28},
  number={1},
  pages={33--41},
  year={2019},
  publisher={Wiley Online Library}
}
@article{fletcher2018habitat,
  title={Is habitat fragmentation good for biodiversity?},
  author={Fletcher Jr, Robert J and Didham, Raphael K and Banks-Leite, Cristina and Barlow, Jos and Ewers, Robert M and Rosindell, James and Holt, Robert D and Gonzalez, Andrew and Pardini, Renata and Damschen, Ellen I and others},
  journal={Biological conservation},
  volume={226},
  pages={9--15},
  year={2018},
  publisher={Elsevier}
}
@article{leroi2020neutral,
  title={Neutral syndrome},
  author={Leroi, Armand M and Lambert, Ben and Rosindell, James and Zhang, Xiangyu and Kokkoris, Giorgos D},
  journal={Nature human behaviour},
  volume={4},
  number={8},
  pages={780--790},
  year={2020},
  publisher={Nature Publishing Group UK London}
}
@article{bausman2019aims,
  title={The aims and structures of ecological research programs},
  author={Bausman, William},
  journal={philosophical topics},
  volume={47},
  number={1},
  pages={1--20},
  year={2019},
  publisher={JSTOR}
}
@article{rosindell2012case,
  title={The case for ecological neutral theory},
  author={Rosindell, James and Hubbell, Stephen P and He, Fangliang and Harmon, Luke J and Etienne, Rampal S},
  journal={Trends in ecology \& evolution},
  volume={27},
  number={4},
  pages={203--208},
  year={2012},
  publisher={Elsevier}
}

