@article{de2015much,
  title={How much do we know about the endangered Atlantic Forest? Reviewing nearly 70 years of information on tree community surveys},
  author={de Lima, Renato AF and Mori, Danilo P and Pitta, Gregory and Melito, Melina O and Bello, Carolina and Magnago, Luiz F and Zwiener, Victor P and Saraiva, Daniel D and Marques, M{\'a}rcia CM and de Oliveira, Alexandre A and others},
  journal={Biodiversity and Conservation},
  volume={24},
  pages={2135--2148},
  year={2015},
  publisher={Springer}
}
@article{mapbiomas,
  title={Reconstructing three decades of land use and land cover changes in brazilian biomes with landsat archive and earth engine},
  author={Souza Jr, Carlos M and Z. Shimbo, Julia and Rosa, Marcos R and Parente, Leandro L and A. Alencar, Ane and Rudorff, Bernardo FT and Hasenack, Heinrich and Matsumoto, Marcelo and G. Ferreira, Laerte and Souza-Filho, Pedro WM and others},
  journal={Remote Sensing},
  volume={12},
  number={17},
  pages={2735},
  year={2020},
  publisher={MDPI}
}
@article{fahrig2019habitat,
  title={Habitat fragmentation: A long and tangled tale},
  author={Fahrig, Lenore},
  journal={Global ecology and biogeography},
  volume={28},
  number={1},
  pages={33--41},
  year={2019},
  publisher={Wiley Online Library}
}
@article{fletcher2018habitat,
  title={Is habitat fragmentation good for biodiversity?},
  author={Fletcher Jr, Robert J and Didham, Raphael K and Banks-Leite, Cristina and Barlow, Jos and Ewers, Robert M and Rosindell, James and Holt, Robert D and Gonzalez, Andrew and Pardini, Renata and Damschen, Ellen I and others},
  journal={Biological conservation},
  volume={226},
  pages={9--15},
  year={2018},
  publisher={Elsevier}
}
@article{leroi2020neutral,
  title={Neutral syndrome},
  author={Leroi, Armand M and Lambert, Ben and Rosindell, James and Zhang, Xiangyu and Kokkoris, Giorgos D},
  journal={Nature human behaviour},
  volume={4},
  number={8},
  pages={780--790},
  year={2020},
  publisher={Nature Publishing Group UK London}
}
@article{bausman2019aims,
  title={The aims and structures of ecological research programs},
  author={Bausman, William},
  journal={philosophical topics},
  volume={47},
  number={1},
  pages={1--20},
  year={2019},
  publisher={JSTOR}
}
@article{rosindell2012case,
  title={The case for ecological neutral theory},
  author={Rosindell, James and Hubbell, Stephen P and He, Fangliang and Harmon, Luke J and Etienne, Rampal S},
  journal={Trends in ecology \& evolution},
  volume={27},
  number={4},
  pages={203--208},
  year={2012},
  publisher={Elsevier}
}
@article{munoz2016neutral,
  title={From the neutral theory to a comprehensive and multiscale theory of ecological equivalence},
  author={Munoz, Fran{\c{c}}ois and Huneman, Philippe},
  journal={The Quarterly Review of Biology},
  volume={91},
  number={3},
  pages={321--342},
  year={2016},
  publisher={University of Chicago Press Chicago, IL}
}
@article{azaele2016statistical,
  title={Statistical mechanics of ecological systems: Neutral theory and beyond},
  author={Azaele, Sandro and Suweis, Samir and Grilli, Jacopo and Volkov, Igor and Banavar, Jayanth R and Maritan, Amos},
  journal={Reviews of Modern Physics},
  volume={88},
  number={3},
  pages={035003},
  year={2016},
  publisher={APS}
}
@article{condit2012thirty,
  title={Thirty years of forest census at Barro Colorado and the importance of immigration in maintaining diversity},
  author={Condit, Richard and Chisholm, Ryan A and Hubbell, Stephen P},
  journal={PloS one},
  volume={7},
  number={11},
  pages={e49826},
  year={2012},
  publisher={Public Library of Science San Francisco, USA}
}
@article{campos2012neutral,
  title={Neutral communities in fragmented landscapes},
  author={Campos, Paulo RA and Neto, Elias DC and Oliveira, Viviane M de and Gomes, MAF},
  journal={Oikos},
  volume={121},
  number={11},
  pages={1737--1748},
  year={2012},
  publisher={Wiley Online Library}
}
@article{campos2013effect,
  title={Effect of landscape structure on species diversity},
  author={Campos, Paulo RA and Rosas, Alexandre and de Oliveira, Viviane M and Gomes, Marcelo AF},
  journal={PloS one},
  volume={8},
  number={6},
  pages={e66495},
  year={2013},
  publisher={Public Library of Science San Francisco, USA}
}
@article{fahrig2022resolving,
  title={Resolving the SLOSS dilemma for biodiversity conservation: a research agenda},
  author={Fahrig, Lenore and Watling, James I and Arnillas, Carlos Alberto and Arroyo-Rodr{\'\i}guez, V{\'\i}ctor and J{\"o}rger-Hickfang, Theresa and M{\"u}ller, J{\"o}rg and Pereira, Henrique M and Riva, Federico and R{\"o}sch, Verena and Seibold, Sebastian and others},
  journal={Biological Reviews},
  volume={97},
  number={1},
  pages={99--114},
  year={2022},
  publisher={Wiley Online Library}
}
@article{watling2020support,
  title={Support for the habitat amount hypothesis from a global synthesis of species density studies},
  author={Watling, James I and Arroyo-Rodr{\'\i}guez, Victor and Pfeifer, Marion and Baeten, Lander and Banks-Leite, Cristina and Cisneros, Laura M and Fang, Rebecca and Hamel-Leigue, A Caroli and Lachat, Thibault and Leal, Inara R and others},
  journal={Ecology letters},
  volume={23},
  number={4},
  pages={674--681},
  year={2020},
  publisher={Wiley Online Library}
}
@article{puttker2020indirect,
  title={Indirect effects of habitat loss via habitat fragmentation: A cross-taxa analysis of forest-dependent species},
  author={P{\"u}ttker, Thomas and Crouzeilles, Renato and Almeida-Gomes, Mauricio and Schmoeller, Marina and Maurenza, Daniel and Alves-Pinto, Helena and Pardini, Renata and Vieira, Marcus V and Banks-Leite, Cristina and Fonseca, Carlos R and others},
  journal={Biological Conservation},
  volume={241},
  pages={108368},
  year={2020},
  publisher={Elsevier}
}
@article{chase2020biodiversity,
  title={Biodiversity conservation through the lens of metacommunity ecology},
  author={Chase, Jonathan M and Jeliazkov, Alienor and Ladouceur, Emma and Viana, Duarte S},
  journal={Annals of the New York Academy of Sciences},
  volume={1469},
  number={1},
  pages={86--104},
  year={2020},
  publisher={Wiley Online Library}
}
@article{jackson2015ecologists,
  title={Are ecologists conducting research at the optimal scale?},
  author={Jackson, Heather Bird and Fahrig, Lenore},
  journal={Global Ecology and Biogeography},
  volume={24},
  number={1},
  pages={52--63},
  year={2015},
  publisher={Wiley Online Library}
}
@article{crouzeilles2016landscape,
  title={Which landscape size best predicts the influence of forest cover on restoration success? A global meta-analysis on the scale of effect},
  author={Crouzeilles, Renato and Curran, Michael},
  journal={Journal of Applied Ecology},
  volume={53},
  number={2},
  pages={440--448},
  year={2016},
  publisher={Wiley Online Library}
}
@article{stuber2020recent,
  title={Recent methodological solutions to identifying scales of effect in multi-scale modeling},
  author={Stuber, Erica F and Gruber, Lutz F},
  journal={Current Landscape Ecology Reports},
  volume={5},
  pages={127--139},
  year={2020},
  publisher={Springer}
}
@article{rosindell2008coalescence,
  title={A coalescence approach to spatial neutral ecology},
  author={Rosindell, James and Wong, Yan and Etienne, Rampal S},
  journal={Ecological Informatics},
  volume={3},
  number={3},
  pages={259--271},
  year={2008},
  publisher={Elsevier}
}
@article{thompson2020pycoalescence,
  title={pycoalescence and rcoalescence: Packages for simulating spatially explicit neutral models of biodiversity},
  author={Thompson, Samuel ED and Chisholm, Ryan A and Rosindell, James},
  journal={Methods in Ecology and Evolution},
  volume={11},
  number={10},
  pages={1237--1246},
  year={2020},
  publisher={Wiley Online Library}
}
@article{bullock2017synthesis,
  title={A synthesis of empirical plant dispersal kernels},
  author={Bullock, James M and Mallada Gonz{\'a}lez, Laura and Tamme, Riin and G{\"o}tzenberger, Lars and White, Steven M and P{\"a}rtel, Meelis and Hooftman, Danny AP},
  journal={Journal of Ecology},
  volume={105},
  number={1},
  pages={6--19},
  year={2017},
  publisher={Wiley Online Library}
}
@article{thompson2019characterising,
  title={Characterising extinction debt following habitat fragmentation using neutral theory},
  author={Thompson, Samuel ED and Chisholm, Ryan A and Rosindell, James},
  journal={Ecology letters},
  volume={22},
  number={12},
  pages={2087--2096},
  year={2019},
  publisher={Wiley Online Library}
}
@Manual{2samples,
    title = {twosamples: Fast Permutation Based Two Sample Tests},
    author = {Connor Dowd},
    year = {2023},
    note = {R package version 2.0.1},
    url = {https://CRAN.R-project.org/package=twosamples},
  }
@article{may2012dispersal,
  title={Dispersal and diversity--unifying scale-dependent relationships within the neutral theory},
  author={May, Felix and Giladi, Itamar and Ziv, Yaron and Jeltsch, Florian},
  journal={Oikos},
  volume={121},
  number={6},
  pages={942--951},
  year={2012},
  publisher={Wiley Online Library}
}
