@article{Gillespie1977,
  doi = {10.1021/j100540a008},
  url = {https://doi.org/10.1021/j100540a008},
  year = {1977},
  month = dec,
  publisher = {American Chemical Society ({ACS})},
  volume = {81},
  number = {25},
  pages = {2340--2361},
  author = {Daniel T. Gillespie},
  title = {Exact stochastic simulation of coupled chemical reactions},
  journal = {The Journal of Physical Chemistry}
}
@article{Dormann2018,
  doi = {10.1002/ecm.1309},
  url = {https://doi.org/10.1002/ecm.1309},
  year = {2018},
  month = jun,
  publisher = {Wiley},
  volume = {88},
  number = {4},
  pages = {485--504},
  author = {Carsten F. Dormann and Justin M. Calabrese and Gurutzeta Guillera-Arroita and Eleni Matechou and Volker Bahn and Kamil Barto{\'{n}} and Colin M. Beale and Simone Ciuti and Jane Elith and Katharina Gerstner and J{\'{e}}r{\^{o}}me Guelat and Petr Keil and Jos{\'{e}} J. Lahoz-Monfort and Laura J. Pollock and Bj\"{o}rn Reineking and David R. Roberts and Boris Schr\"{o}der and Wilfried Thuiller and David I. Warton and Brendan A. Wintle and Simon N. Wood and Rafael O. W\"{u}est and Florian Hartig},
  title = {Model averaging in ecology: a review of Bayesian,  information-theoretic,  and tactical approaches for predictive inference},
  journal = {Ecological Monographs}
}
@incollection{bolker2008,
  title={Ecological models and data in R},
  author={Bolker, Benjamin M},
  booktitle={Ecological Models and Data in R},
  year={2008},
  publisher={Princeton University Press}
}
@article{bossio2015gamma,
  title={Gamma regression models with the Gammareg R package},
  author={Bossio, Martha Corrales and Cuervo, Edilberto Cepeda},
  journal={Comunicaciones en Estad{\'\i}stica},
  volume={8},
  number={2},
  pages={211--223},
  year={2015}
}
@Manual{Rteam,
    title = {R: A Language and Environment for Statistical Computing},
    author = {{R Core Team}},
    organization = {R Foundation for Statistical Computing},
    address = {Vienna, Austria},
    year = {2022},
    url = {https://www.R-project.org/},
  }
@Manual{trackdown,
    title = {trackdown: Collaborative Writing and Editing of R Markdown (or Sweave) Documents in Google Drive},
    author = {Emily Kothe and Claudio Zandonella Callegher and Filippo Gambarota and Janosch Linkersdörfer and Mathew Ling},
    year = {2021},
    note = {R package version 1.1.1},
    url = {https://github.com/claudiozandonella/trackdown},
    doi = {10.5281/zenodo.5167319},
  }
@Manual{kableExtra,
    title = {kableExtra: Construct Complex Table with 'kable' and Pipe Syntax},
    author = {Hao Zhu},
    year = {2021},
    note = {R package version 1.3.4},
    url = {https://CRAN.R-project.org/package=kableExtra},
  }
@Manual{bbmle,
    title = {bbmle: Tools for General Maximum Likelihood Estimation},
    author = {Ben Bolker and {R Development Core Team}},
    year = {2021},
    note = {R package version 1.0.24},
    url = {https://CRAN.R-project.org/package=bbmle},
  }
@Manual{MuMIn,
    title = {MuMIn: Multi-Model Inference},
    author = {Kamil Bartoń},
    year = {2022},
    note = {R package version 1.46.0},
    url = {https://CRAN.R-project.org/package=MuMIn},
  }
@Manual{AICcmodavg,
    title = {AICcmodavg: Model selection and multimodel inference based on (Q)AIC(c)},
    author = {Marc J. Mazerolle},
    year = {2020},
    note = {R package version 2.3-1},
    url = {https://cran.r-project.org/package=AICcmodavg},
  }
@Article{lme4,
    title = {Fitting Linear Mixed-Effects Models Using {lme4}},
    author = {Douglas Bates and Martin M{\"a}chler and Ben Bolker and Steve Walker},
    journal = {Journal of Statistical Software},
    year = {2015},
    volume = {67},
    number = {1},
    pages = {1--48},
    doi = {10.18637/jss.v067.i01},
  }
@Manual{gridExtra,
    title = {gridExtra: Miscellaneous Functions for "Grid" Graphics},
    author = {Baptiste Auguie},
    year = {2017},
    note = {R package version 2.3},
    url = {https://CRAN.R-project.org/package=gridExtra},
  }
@Manual{doMC,
    title = {doMC: Foreach Parallel Adaptor for 'parallel'},
    author = {Revolution Analytics and Steve Weston},
    year = {2022},
    note = {R package version 1.3.8},
    url = {https://CRAN.R-project.org/package=doMC},
  }
@Article{plyr,
    title = {The Split-Apply-Combine Strategy for Data Analysis},
    author = {Hadley Wickham},
    journal = {Journal of Statistical Software},
    year = {2011},
    volume = {40},
    number = {1},
    pages = {1--29},
    url = {https://www.jstatsoft.org/v40/i01/},
  }
@Article{tidyverse,
    title = {Welcome to the {tidyverse}},
    author = {Hadley Wickham and Mara Averick and Jennifer Bryan and Winston Chang and Lucy D'Agostino McGowan and Romain François and Garrett Grolemund and Alex Hayes and Lionel Henry and Jim Hester and Max Kuhn and Thomas Lin Pedersen and Evan Miller and Stephan Milton Bache and Kirill Müller and Jeroen Ooms and David Robinson and Dana Paige Seidel and Vitalie Spinu and Kohske Takahashi and Davis Vaughan and Claus Wilke and Kara Woo and Hiroaki Yutani},
    year = {2019},
    journal = {Journal of Open Source Software},
    volume = {4},
    number = {43},
    pages = {1686},
    doi = {10.21105/joss.01686},
  }
